<?xml version="1.0" encoding="UTF-8"?><collection xmlns="http://www.loc.gov/MARC21/slim"><record><leader>00509nam--2200181-i-4500</leader><controlfield tag="001">000012793</controlfield><controlfield tag="002">20161230</controlfield><controlfield tag="005">20161230201030</controlfield><controlfield tag="008">060222s1000------------r-----000-0-ger-d</controlfield><datafield ind1=" " ind2=" " tag="040"><subfield code="a">IFIN-HH</subfield></datafield><datafield ind1=" " ind2=" " tag="041"><subfield code="a">ger</subfield></datafield><datafield ind1=" " ind2=" " tag="080"><subfield code="a">519.216</subfield></datafield><datafield ind1="1" ind2=" " tag="100"><subfield code="a">Bauer, Herbert</subfield></datafield><datafield ind1="1" ind2="0" tag="245"><subfield code="a">Invarianzprinzipien fur erneuerungspre und fur ihre verallgemeinerungen. dissertation</subfield><subfield code="c">Herbert Bauer</subfield></datafield><datafield ind1=" " ind2=" " tag="260"><subfield code="a">Stuttgart, Universitat Stuttgart, 1978</subfield></datafield><datafield ind1=" " ind2=" " tag="300"><subfield code="a">122 P</subfield></datafield><datafield ind1=" " ind2=" " tag="852"><subfield code="a">46288</subfield><subfield code="c">519.2</subfield></datafield><datafield ind1=" " ind2=" " tag="CAT"><subfield code="a">Sys</subfield><subfield code="c">20100604</subfield><subfield code="h">121031</subfield></datafield></record></collection>